@article{d42023,
	title={Deep Direct Discriminative Decoders for High-dimensional Time-series Data Analysis},
	author={Rezaei, Mohammad and Popovic, Milos and Eden, Uri and Lankarany, Milad and Yousefi, Ali},
	journal={Neurons, Behavior, Data analysis, and Theory},
	pages={1--22},
	year={2023},
	publisher={The neurons, behavior, data analysis and theory collective}
}

@article{yousefi2019decoding,
	title={Decoding hidden cognitive states from behavior and physiology using a Bayesian approach},
	author={Yousefi, Ali and Basu, Ishita and Paulk, Angelique C and Peled, Noam and Eskandar, Emad N and Dougherty, Darin D and Cash, Sydney S and Widge, Alik S and Eden, Uri T},
	journal={Neural computation},
	volume={31},
	number={9},
	pages={1751--1788},
	year={2019},
	publisher={MIT Press One Rogers Street, Cambridge, MA 02142-1209, USA journals-info~â€¦}
}

@article{rezaei2020bayesian,
	title={Bayesian decoder models with a discriminative observation process},
	author={Rezaei, Mohammad R and Hadjinicolaou, Alex E and Cash, Sydney S and Eden, Uri T and Yousefi, Ali},
	journal={bioRxiv},
	pages={2020--07},
	year={2020},
	publisher={Cold Spring Harbor Laboratory}
}

@article{dai2015variational,
	title={Variational auto-encoded deep Gaussian processes},
	author={Dai, Zhenwen and Damianou, Andreas and Gonz{\'a}lez, Javier and Lawrence, Neil},
	journal={arXiv preprint arXiv:1511.06455},
	year={2015}
}

@article{schulz2018tutorial,
	title={A tutorial on Gaussian process regression: Modelling, exploring, and exploiting functions},
	author={Schulz, Eric and Speekenbrink, Maarten and Krause, Andreas},
	journal={Journal of Mathematical Psychology},
	volume={85},
	pages={1--16},
	year={2018},
	publisher={Elsevier}
}

@article{rezaei2021real,
	title={Real-time point process filter for multidimensional decoding problems using mixture models},
	author={Rezaei, Mohammad Reza and Arai, Kensuke and Frank, Loren M and Eden, Uri T and Yousefi, Ali},
	journal={Journal of neuroscience methods},
	volume={348},
	pages={109006},
	year={2021},
	publisher={Elsevier}
}

@inproceedings{harrington2022exploring,
	title={Exploring perceptual straightness in learned visual representations},
	author={Harrington, Anne and DuTell, Vasha and Tewari, Ayush and Hamilton, Mark and Stent, Simon and Rosenholtz, Ruth and Freeman, William T},
	booktitle={The Eleventh International Conference on Learning Representations},
	year={2022}
}

@article{krishna2020predicting,
	title={Predicting Video features from EEG and Vice versa},
	author={Krishna, Gautam and Tran, Co and Carnahan, Mason and Tewfik, Ahmed},
	journal={arXiv preprint arXiv:2005.11235},
	year={2020}
}

@article{krishna2019continuous,
	title={Continuous Speech Recognition using EEG and Video},
	author={Krishna, Gautam and Carnahan, Mason and Tran, Co and Tewfik, Ahmed H},
	journal={arXiv preprint arXiv:1912.07730},
	year={2019}
}

@article{gu2021efficiently,
	title={Efficiently modeling long sequences with structured state spaces},
	author={Gu, Albert and Goel, Karan and R{\'e}, Christopher},
	journal={arXiv preprint arXiv:2111.00396},
	year={2021}
}